<?xml version="1.0" encoding="UTF-8"?><collection xmlns="http://www.loc.gov/MARC21/slim"><record><leader>00402nam--2200145-i-4500</leader><controlfield tag="001">000000044</controlfield><controlfield tag="002">20161230</controlfield><controlfield tag="005">20161230201023</controlfield><controlfield tag="008">060222s1000------------r-----000-0-eng-d</controlfield><datafield ind1=" " ind2=" " tag="080"><subfield code="a">668.8</subfield></datafield><datafield ind1=" " ind2=" " tag="100"><subfield code="a">Gheorghiu, C.V</subfield></datafield><datafield ind1=" " ind2=" " tag="245"><subfield code="a">Coloranti organici</subfield></datafield><datafield ind1=" " ind2=" " tag="260"><subfield code="a">Iasi, Laboratorul De Chimie Organica Al Universitatii Din Iasi.   Cvi + 588 P</subfield></datafield><datafield ind1=" " ind2=" " tag="490"><subfield code="a">Revista Stiintifica  V.Adamachi </subfield></datafield><datafield ind1=" " ind2=" " tag="852"><subfield code="a">76799</subfield></datafield></record></collection>